%YAML 1.1
%TAG !u! tag:unity3d.com,2011:
--- !u!1 &4928856653301948069
GameObject:
  m_ObjectHideFlags: 0
  m_CorrespondingSourceObject: {fileID: 0}
  m_PrefabInstance: {fileID: 0}
  m_PrefabAsset: {fileID: 0}
  serializedVersion: 6
  m_Component:
  - component: {fileID: 4928856653301948090}
  - component: {fileID: 4928856653301948091}
  m_Layer: 9
  m_Name: DollArmCollider
  m_TagString: Untagged
  m_Icon: {fileID: 0}
  m_NavMeshLayer: 1
  m_StaticEditorFlags: 4294967295
  m_IsActive: 1
--- !u!4 &4928856653301948090
Transform:
  m_ObjectHideFlags: 0
  m_CorrespondingSourceObject: {fileID: 0}
  m_PrefabInstance: {fileID: 0}
  m_PrefabAsset: {fileID: 0}
  m_GameObject: {fileID: 4928856653301948069}
  m_LocalRotation: {x: 0.00000008141287, y: 0.0341358, z: 0.000000002780714, w: 0.99941725}
  m_LocalPosition: {x: 0.97681457, y: -0.21199042, z: 1.5882188}
  m_LocalScale: {x: 1, y: 1, z: 1}
  m_Children: []
  m_Father: {fileID: 4928856653360815174}
  m_RootOrder: 0
  m_LocalEulerAnglesHint: {x: 0, y: 0, z: 0}
--- !u!65 &4928856653301948091
BoxCollider:
  m_ObjectHideFlags: 0
  m_CorrespondingSourceObject: {fileID: 0}
  m_PrefabInstance: {fileID: 0}
  m_PrefabAsset: {fileID: 0}
  m_GameObject: {fileID: 4928856653301948069}
  m_Material: {fileID: 0}
  m_IsTrigger: 0
  m_Enabled: 1
  serializedVersion: 2
  m_Size: {x: 1.4878683, y: 1.3247411, z: 4.5935082}
  m_Center: {x: 0.2440465, y: 0.57711565, z: -1.5034103}
--- !u!1 &4928856653360815170
GameObject:
  m_ObjectHideFlags: 0
  m_CorrespondingSourceObject: {fileID: 0}
  m_PrefabInstance: {fileID: 0}
  m_PrefabAsset: {fileID: 0}
  serializedVersion: 6
  m_Component:
  - component: {fileID: 4928856653360815174}
  - component: {fileID: 4928856653360815169}
  - component: {fileID: 4928856653360815168}
  - component: {fileID: 4928856653360815171}
  - component: {fileID: 4928856653360815172}
  - component: {fileID: 4928856653360815173}
  - component: {fileID: 4928856653360815175}
  m_Layer: 9
  m_Name: Heal
  m_TagString: Heal
  m_Icon: {fileID: 0}
  m_NavMeshLayer: 1
  m_StaticEditorFlags: 4294967295
  m_IsActive: 1
--- !u!4 &4928856653360815174
Transform:
  m_ObjectHideFlags: 0
  m_CorrespondingSourceObject: {fileID: 0}
  m_PrefabInstance: {fileID: 0}
  m_PrefabAsset: {fileID: 0}
  m_GameObject: {fileID: 4928856653360815170}
  m_LocalRotation: {x: 0.00000008068918, y: 0.1372725, z: 0.000000011182265, w: 0.99053335}
  m_LocalPosition: {x: -5.48, y: 1.07, z: -21.53}
  m_LocalScale: {x: 1, y: 1, z: 1}
  m_Children:
  - {fileID: 4928856653301948090}
  - {fileID: 4928856654475282555}
  - {fileID: 4928856653564058892}
  m_Father: {fileID: 0}
  m_RootOrder: 0
  m_LocalEulerAnglesHint: {x: 0, y: 0, z: 0}
--- !u!33 &4928856653360815169
MeshFilter:
  m_ObjectHideFlags: 0
  m_CorrespondingSourceObject: {fileID: 0}
  m_PrefabInstance: {fileID: 0}
  m_PrefabAsset: {fileID: 0}
  m_GameObject: {fileID: 4928856653360815170}
  m_Mesh: {fileID: 4300000, guid: 121b3e7b2d66aca4fa4d229a6d434b89, type: 3}
--- !u!23 &4928856653360815168
MeshRenderer:
  m_ObjectHideFlags: 0
  m_CorrespondingSourceObject: {fileID: 0}
  m_PrefabInstance: {fileID: 0}
  m_PrefabAsset: {fileID: 0}
  m_GameObject: {fileID: 4928856653360815170}
  m_Enabled: 1
  m_CastShadows: 1
  m_ReceiveShadows: 1
  m_DynamicOccludee: 1
  m_MotionVectors: 1
  m_LightProbeUsage: 1
  m_ReflectionProbeUsage: 1
  m_RenderingLayerMask: 1
  m_RendererPriority: 0
  m_Materials:
  - {fileID: 2100000, guid: 6e17af88287f0b448a73cc49549a64a7, type: 2}
  m_StaticBatchInfo:
    firstSubMesh: 0
    subMeshCount: 0
  m_StaticBatchRoot: {fileID: 0}
  m_ProbeAnchor: {fileID: 0}
  m_LightProbeVolumeOverride: {fileID: 0}
  m_ScaleInLightmap: 1
  m_PreserveUVs: 0
  m_IgnoreNormalsForChartDetection: 0
  m_ImportantGI: 0
  m_StitchLightmapSeams: 0
  m_SelectedEditorRenderState: 3
  m_MinimumChartSize: 4
  m_AutoUVMaxDistance: 0.5
  m_AutoUVMaxAngle: 89
  m_LightmapParameters: {fileID: 0}
  m_SortingLayerID: 0
  m_SortingLayer: 0
  m_SortingOrder: 0
--- !u!95 &4928856653360815171
Animator:
  serializedVersion: 3
  m_ObjectHideFlags: 0
  m_CorrespondingSourceObject: {fileID: 0}
  m_PrefabInstance: {fileID: 0}
  m_PrefabAsset: {fileID: 0}
  m_GameObject: {fileID: 4928856653360815170}
  m_Enabled: 1
  m_Avatar: {fileID: 9000000, guid: 121b3e7b2d66aca4fa4d229a6d434b89, type: 3}
  m_Controller: {fileID: 0}
  m_CullingMode: 0
  m_UpdateMode: 0
  m_ApplyRootMotion: 0
  m_LinearVelocityBlending: 0
  m_WarningMessage: 
  m_HasTransformHierarchy: 1
  m_AllowConstantClipSamplingOptimization: 1
  m_KeepAnimatorControllerStateOnDisable: 0
--- !u!135 &4928856653360815172
SphereCollider:
  m_ObjectHideFlags: 0
  m_CorrespondingSourceObject: {fileID: 0}
  m_PrefabInstance: {fileID: 0}
  m_PrefabAsset: {fileID: 0}
  m_GameObject: {fileID: 4928856653360815170}
  m_Material: {fileID: 0}
  m_IsTrigger: 1
  m_Enabled: 1
  serializedVersion: 2
  m_Radius: 2.453036
  m_Center: {x: -2.2289202e-15, y: 0.62738526, z: 8.915681e-15}
--- !u!136 &4928856653360815173
CapsuleCollider:
  m_ObjectHideFlags: 0
  m_CorrespondingSourceObject: {fileID: 0}
  m_PrefabInstance: {fileID: 0}
  m_PrefabAsset: {fileID: 0}
  m_GameObject: {fileID: 4928856653360815170}
  m_Material: {fileID: 0}
  m_IsTrigger: 0
  m_Enabled: 1
  m_Radius: 2.453036
  m_Height: 1.6767504
  m_Direction: 1
  m_Center: {x: -2.2289202e-15, y: 0.62738526, z: 8.915681e-15}
--- !u!114 &4928856653360815175
MonoBehaviour:
  m_ObjectHideFlags: 0
  m_CorrespondingSourceObject: {fileID: 0}
  m_PrefabInstance: {fileID: 0}
  m_PrefabAsset: {fileID: 0}
  m_GameObject: {fileID: 4928856653360815170}
  m_Enabled: 1
  m_EditorHideFlags: 0
  m_Script: {fileID: 11500000, guid: fe4a159e4cdf9e343ab41728538f8fc8, type: 3}
  m_Name: 
  m_EditorClassIdentifier: 
  timeBetweenAttacks: 0.5
  healAdd: 10
--- !u!1 &4928856653564058895
GameObject:
  m_ObjectHideFlags: 0
  m_CorrespondingSourceObject: {fileID: 0}
  m_PrefabInstance: {fileID: 0}
  m_PrefabAsset: {fileID: 0}
  serializedVersion: 6
  m_Component:
  - component: {fileID: 4928856653564058892}
  - component: {fileID: 4928856653564058893}
  m_Layer: 9
  m_Name: DollArmCollider
  m_TagString: Untagged
  m_Icon: {fileID: 0}
  m_NavMeshLayer: 1
  m_StaticEditorFlags: 4294967295
  m_IsActive: 1
--- !u!4 &4928856653564058892
Transform:
  m_ObjectHideFlags: 0
  m_CorrespondingSourceObject: {fileID: 0}
  m_PrefabInstance: {fileID: 0}
  m_PrefabAsset: {fileID: 0}
  m_GameObject: {fileID: 4928856653564058895}
  m_LocalRotation: {x: -0.000000080965215, y: -0.3762324, z: 0.000000008967829, w: 0.92652535}
  m_LocalPosition: {x: 0.6489084, y: -0.21199329, z: 1.2470189}
  m_LocalScale: {x: 1, y: 1, z: 1}
  m_Children: []
  m_Father: {fileID: 4928856653360815174}
  m_RootOrder: 2
  m_LocalEulerAnglesHint: {x: 0, y: 0, z: 0}
--- !u!65 &4928856653564058893
BoxCollider:
  m_ObjectHideFlags: 0
  m_CorrespondingSourceObject: {fileID: 0}
  m_PrefabInstance: {fileID: 0}
  m_PrefabAsset: {fileID: 0}
  m_GameObject: {fileID: 4928856653564058895}
  m_Material: {fileID: 0}
  m_IsTrigger: 0
  m_Enabled: 1
  serializedVersion: 2
  m_Size: {x: 1.4878683, y: 0.8788283, z: 1.2891334}
  m_Center: {x: 0.24413626, y: 0.35415924, z: 0.14878966}
--- !u!1 &4928856654475282554
GameObject:
  m_ObjectHideFlags: 0
  m_CorrespondingSourceObject: {fileID: 0}
  m_PrefabInstance: {fileID: 0}
  m_PrefabAsset: {fileID: 0}
  serializedVersion: 6
  m_Component:
  - component: {fileID: 4928856654475282555}
  - component: {fileID: 4928856654475282552}
  m_Layer: 9
  m_Name: DollArmCollider
  m_TagString: Untagged
  m_Icon: {fileID: 0}
  m_NavMeshLayer: 1
  m_StaticEditorFlags: 4294967295
  m_IsActive: 1
--- !u!4 &4928856654475282555
Transform:
  m_ObjectHideFlags: 0
  m_CorrespondingSourceObject: {fileID: 0}
  m_PrefabInstance: {fileID: 0}
  m_PrefabAsset: {fileID: 0}
  m_GameObject: {fileID: 4928856654475282554}
  m_LocalRotation: {x: -0.0004249906, y: 0.6717409, z: 0.00041580238, w: 0.740786}
  m_LocalPosition: {x: 0.6562799, y: -0.21199366, z: -1.1401823}
  m_LocalScale: {x: 1, y: 1, z: 1}
  m_Children: []
  m_Father: {fileID: 4928856653360815174}
  m_RootOrder: 1
  m_LocalEulerAnglesHint: {x: 0, y: 0, z: 0}
--- !u!65 &4928856654475282552
BoxCollider:
  m_ObjectHideFlags: 0
  m_CorrespondingSourceObject: {fileID: 0}
  m_PrefabInstance: {fileID: 0}
  m_PrefabAsset: {fileID: 0}
  m_GameObject: {fileID: 4928856654475282554}
  m_Material: {fileID: 0}
  m_IsTrigger: 0
  m_Enabled: 1
  serializedVersion: 2
  m_Size: {x: 1.7346778, y: 1.3247411, z: 3.543157}
  m_Center: {x: 0.2625594, y: 0.57711565, z: -0.97821546}
